@Article{Choi:2007ka,
     author    = "Choi, Kiwoon and Nilles, Hans Peter",
     title     = "{The gaugino code}",
     journal   = "JHEP",
     volume    = "04",
     year      = "2007",
     pages     = "006",
     eprint    = "hep-ph/0702146",
     archivePrefix = "arXiv",
     doi       = "10.1088/1126-6708/2007/04/006",
     SLACcitation  = "%%CITATION = HEP-PH/0702146;%%"
}

@Article{Horton:2009ed,
     author    = "Horton, D. and Ross, G. G.",
     title     = "{Naturalness and Focus Points with Non-Universal Gaugino
                  Masses}",
     journal   = "Nucl. Phys.",
     volume    = "B830",
     year      = "2010",
     pages     = "221-247",
     eprint    = "0908.0857",
     archivePrefix = "arXiv",
     primaryClass  =  "hep-ph",
     doi       = "10.1016/j.nuclphysb.2009.12.031",
     SLACcitation  = "%%CITATION = 0908.0857;%%"
}

@Article{Martin:2009ad,
     author    = "Martin, Stephen P.",
     title     = "{Non-universal gaugino masses from non-singlet F-terms in
                  non-minimal unified models}",
     journal   = "Phys. Rev.",
     volume    = "D79",
     year      = "2009",
     pages     = "095019",
     eprint    = "0903.3568",
     archivePrefix = "arXiv",
     primaryClass  =  "hep-ph",
     doi       = "10.1103/PhysRevD.79.095019",
     SLACcitation  = "%%CITATION = 0903.3568;%%"
}

@Article{Allanach:2006fy,
     author    = "Allanach, Benjamin C. and others",
     title     = "{Les Houches 'Physics at TeV colliders 2005' Beyond the
                  standard model  working group: Summary report}",
     year      = "2006",
     eprint    = "hep-ph/0602198",
     archivePrefix = "arXiv",
     SLACcitation  = "%%CITATION = HEP-PH/0602198;%%"
}

@Article{Kolda:1995iw,
     author    = "Kolda, Christopher F. and Martin, Stephen P.",
     title     = "{Low-energy supersymmetry with D term contributions to
                  scalar masses}",
     journal   = "Phys. Rev.",
     volume    = "D53",
     year      = "1996",
     pages     = "3871-3883",
     eprint    = "hep-ph/9503445",
     archivePrefix = "arXiv",
     doi       = "10.1103/PhysRevD.53.3871",
     SLACcitation  = "%%CITATION = HEP-PH/9503445;%%"
}

@Article{Polonsky:1994sr,
     author    = "Polonsky, Nir and Pomarol, Alex",
     title     = "{GUT effects in the soft supersymmetry breaking terms}",
     journal   = "Phys. Rev. Lett.",
     volume    = "73",
     year      = "1994",
     pages     = "2292-2295",
     eprint    = "hep-ph/9406224",
     archivePrefix = "arXiv",
     doi       = "10.1103/PhysRevLett.73.2292",
     SLACcitation  = "%%CITATION = HEP-PH/9406224;%%"
}

@Article{Polonsky:1994rz,
     author    = "Polonsky, Nir and Pomarol, Alex",
     title     = "{Nonuniversal GUT corrections to the soft terms and their
                  implications in supergravity models}",
     journal   = "Phys. Rev.",
     volume    = "D51",
     year      = "1995",
     pages     = "6532-6549",
     eprint    = "hep-ph/9410231",
     archivePrefix = "arXiv",
     doi       = "10.1103/PhysRevD.51.6532",
     SLACcitation  = "%%CITATION = HEP-PH/9410231;%%"
}

@Article{Ellis:2002wv,
     author    = "Ellis, John R. and Olive, Keith A. and Santoso, Yudi",
     title     = "{The MSSM Parameter Space with Non-Universal Higgs
                  Masses}",
     journal   = "Phys. Lett.",
     volume    = "B539",
     year      = "2002",
     pages     = "107-118",
     eprint    = "hep-ph/0204192",
     archivePrefix = "arXiv",
     doi       = "10.1016/S0370-2693(02)02071-3",
     SLACcitation  = "%%CITATION = HEP-PH/0204192;%%"
}

@Article{Berger:2008cq,
     author    = "Berger, Carola F. and Gainer, James S. and Hewett, JoAnne
                  L. and Rizzo, Thomas G.",
     title     = "{Supersymmetry Without Prejudice}",
     journal   = "JHEP",
     volume    = "02",
     year      = "2009",
     pages     = "023",
     eprint    = "0812.0980",
     archivePrefix = "arXiv",
     primaryClass  =  "hep-ph",
     doi       = "10.1088/1126-6708/2009/02/023",
     SLACcitation  = "%%CITATION = 0812.0980;%%"
}

@Article{Conley:2010du,
     author    = "Conley, John A. and Gainer, James S. and Hewett, JoAnne L.
                  and Le, My Phuong and Rizzo, Thomas G.",
     title     = "{Supersymmetry Without Prejudice at the LHC}",
     year      = "2010",
     eprint    = "1009.2539",
     archivePrefix = "arXiv",
     primaryClass  =  "hep-ph",
     SLACcitation  = "%%CITATION = 1009.2539;%%"
}

@Article{Lyons:2003bw,
     author    = "Lyons, (ed. ), L. and Mount, (ed. ), R. P. and Reitmeyer,
                  (ed. ), R.",
     title     = "{Statistical problems in particle physics, astrophysics and
                  cosmology. Proceedings, Conference, PHYSTAT 2003, Stanford,
                  USA, September 8-11, 2003}",
     note      = "Prepared for PHYSTAT2003: Statistical Problems in Particle
                  Physics, Astrophysics, and Cosmology, Menlo Park,
                  California, 8-11 Sep 2003"
}


%----- constraints ------

@Article{top:1900yx,
     author    = " and others",
 collaboration = "CDF and D0",
     title     = "{Combination of CDF and D0 Results on the Mass of the Top
                  Quark}",
     year      = "2010",
     eprint    = "1007.3178",
     archivePrefix = "arXiv",
     primaryClass  =  "hep-ex",
     SLACcitation  = "%%CITATION = 1007.3178;%%"
}

@Article{HFAG:2010qj,
     collaboration    = "The Heavy Flavor Averaging Group",
     author    = "Asner, D. and others",
     title     = "{Averages of b-hadron, c-hadron, and tau-lepton
                  Properties}",
     year      = "2010",
     eprint    = "1010.1589",
     archivePrefix = "arXiv",
     primaryClass  =  "hep-ex",
     SLACcitation  = "%%CITATION = 1010.1589;%%"
}

@Article{Misiak:2006zs,
     author    = "Misiak, M. and others",
     title     = "{The first estimate of B(anti-B --> X/s gamma) at
                  O(alpha(s)**2)}",
     journal   = "Phys. Rev. Lett.",
     volume    = "98",
     year      = "2007",
     pages     = "022002",
     eprint    = "hep-ph/0609232",
     archivePrefix = "arXiv",
     doi       = "10.1103/PhysRevLett.98.022002",
     SLACcitation  = "%%CITATION = HEP-PH/0609232;%%"
}

@Misc{lepsusy,
author = {{LEP2 SUSY Working Group,}},
collaboration = {ALEPH, DELPHI, L3 and OPAL},
note = {{\tt http://lepsusy.web.cern.ch/lepsusy/}}
}

@Article{Schael:2006cr,
     author    = "Schael, S. and others",
 collaboration = "{ALEPH, DELPHI, L3 and OPAL collaborations and the LEP Working Group for Higgs Boson Searches}",
     title     = "{Search for neutral MSSM Higgs bosons at LEP}",
     journal   = "Eur. Phys. J.",
     volume    = "C47",
     year      = "2006",
     pages     = "547-587",
     eprint    = "hep-ex/0602042",
     archivePrefix = "arXiv",
     doi       = "10.1140/epjc/s2006-02569-7",
     SLACcitation  = "%%CITATION = HEP-EX/0602042;%%"
}

@Article{Jarosik:2010iu,
     author    = "Jarosik, N. and others",
     title     = "{Seven-Year Wilkinson Microwave Anisotropy Probe (WMAP)
                  Observations: Sky Maps, Systematic Errors, and Basic
                  Results}",
     year      = "2010",
     eprint    = "1001.4744",
     archivePrefix = "arXiv",
     primaryClass  =  "astro-ph.CO",
     SLACcitation  = "%%CITATION = 1001.4744;%%"
}

@Article{Komatsu:2010fb,
     author    = "Komatsu, E. and others",
     title     = "{Seven-Year Wilkinson Microwave Anisotropy Probe (WMAP)
                  Observations: Cosmological Interpretation}",
     year      = "2010",
     eprint    = "1001.4538",
     archivePrefix = "arXiv",
     primaryClass  =  "astro-ph.CO",
     SLACcitation  = "%%CITATION = 1001.4538;%%"
}

@Article{Davier:2010nc,
     author    = "Davier, Michel and Hoecker, Andreas and Malaescu, Bogdan
                  and Zhang, Zhiqing",
     title     = "{Reevaluation of the Hadronic Contributions to the Muon g-2
                  and to alpha(MZ)}",
     year      = "2010",
     eprint    = "1010.4180",
     archivePrefix = "arXiv",
     primaryClass  =  "hep-ph",
     SLACcitation  = "%%CITATION = 1010.4180;%%"
}

@Article{Degrassi:2002fi,
     author    = "Degrassi, G. and Heinemeyer, S. and Hollik, W. and Slavich,
                  P. and Weiglein, G.",
     title     = "{Towards high-precision predictions for the MSSM Higgs
                  sector}",
     journal   = "Eur. Phys. J.",
     volume    = "C28",
     year      = "2003",
     pages     = "133-143",
     eprint    = "hep-ph/0212020",
     archivePrefix = "arXiv",
     doi       = "10.1140/epjc/s2003-01152-2",
     SLACcitation  = "%%CITATION = HEP-PH/0212020;%%"
}

@Article{Nakamura:2010zzi,
     author    = "Nakamura, K.",
 collaboration = "Particle Data Group",
     title     = "{Review of particle physics}",
     journal   = "J. Phys.",
     volume    = "G37",
     year      = "2010",
     pages     = "075021",
     doi       = "10.1088/0954-3899/37/7A/075021",
     SLACcitation  = "%%CITATION = JPHGB,G37,075021;%%"
}
